% file: .../doc/corba.bib

% $Header: /data/cvs/prototype/story/src/public/tools/snacc-1.3/doc/corba.bib,v 1.1 2006/10/16 09:07:55 joywu Exp $
% $Log: corba.bib,v $
% Revision 1.1  2006/10/16 09:07:55  joywu
% no message
%
% Revision 1.1  1997/01/01 22:47:51  rj
% first check-in
%

@techreport{corba,
  institution = "OMG",
  author = "OMG",
  title = "The Common Object Request Broker: Architecture and Specification",
  year = "1993",
  version = "1.2",
}

@techreport{idl-c++,
  institution = "OMG",
  author = "OMG",
  title = "OMG RFP Submission--IDL C++ Language Mapping Specification",
  year = "1994",
}

@techreport{gdmo-idl,
  institution = "X/Open",
  author = "X/Open",
  title = "GDMO to OMG IDL Specification Translation Algorithm",
  year = "1994",
}
