% file: .../doc/tcl.bib

% $Header: /data/cvs/prototype/story/src/public/tools/snacc-1.3/doc/tcl.bib,v 1.1 2006/10/16 09:07:55 joywu Exp $
% $Log: tcl.bib,v $
% Revision 1.1  2006/10/16 09:07:55  joywu
% no message
%
% Revision 1.1  1997/01/01 22:47:53  rj
% first check-in
%

@book{tcl-book,
  title = "Tcl and the TK Toolkit",
  author = "John K. Ousterhout",
  publisher = "Addison-Wesley Publishing Company",
  year = 1994,
  note = "ISBN 0-201-63337-X",
}
